@article{ref1,
    author = {Константинов, О. В. and Царенков, Б. В.},
    journal = {ФТП},
    pages = {2126--2127},
    title = {Изменение поверхностного потенциала полупроводника
     при освещении},
    language = {russian}, 
    volume = {24},
    year = {1990}
}

@article{ref2,
   author = "Nag, B. R.",
   title = "Empirical formula for the dielectric constant of cubic semiconductors",
   journal = "Appl. Phys. Lett.",
   year = "1994",
   volume = "65",
   pages = "1938-1939",
}

@article{ref3,
    author = {Абдуллаев, Ф. Х.  and Цой, Э. Н.},
    journal = {ЖТФ},
    number = {8},
    pages = {57--58},
    title = {Стохастическая динамика джозефсоновского вихря в неоднородном переходе},
    language = {russian},
    volume = {67},
    year = {1997}
}

@book{ref4,
    author = {Ландау, Лев Давидович  and Лифшиц, Евгений Михайлович},
    title = {Статистическая физика},
    address = {М.},
    publisher = {Наука},
    language = {russian},
    pages = {584},
    year = {1976}    
}

@book{ref5,
    author = {Холл, М},
    title = {Комбинаторика},
    address = {М.},
    publisher = {Мир},
    language = {russian},
    pages = {},
    year = {1967}    
}

@book{ref5eng,
    author = {Holl, M},
    title = {Combination Theory},
    address = {Toronto–London–N.Y.},
    publisher = {Academic Press},
    editor = {Domb, C. and Green, M. S.},
    pages = {},
    year = {1961}    
}

@incollection{ref6,
    author = {Кирпатрик, С.},
    booktitle = {Теория и свойства металлов},
    series = {Новости физики твердого тела},
    address = {М.},
    publisher = {Изд-во стандартов},
    language = {russian},
    year = {1977},
    pages = {211},
    number = {7}
}

@conference{ref7,
    author = {Green, A. and Metlack, S. and Zelman, J.},
    booktitle = {Proc. 5th Int. Conf. High Pressure in Semicond. Phys.},
    pages = {98},
    title = {Title},
    address = {Kyoto, Japan},
    volume = {2},
    year = {1993}
}

@conference{ref8,
    author = {Moloney, M. H.},
    booktitle = {Conference on Lasers and Electro–Optics, Baltimore, MA, 1992},
    pages = {46},
    title = {Title},
    address = {Washington, DC},
    publisher = {Optical Society of America},
    language = {english},
    volume = {10},
    year = {1992}
}

@inproceedings{ref9,
    author = {Дричко, И. Л. and Дьяконов, А. М.},
    booktitle = {Тез. докл. 2-й Росс. конф. по физике полупроводников },
    pages = {152},
    title = {Title},
    address = {СПб., Россия},
    language = {russian},
    volume = {1},
    year = {1996}
}

